


%Bambade, Philip, et al. "The International Linear Collider: A Global Project." arXiv preprint arXiv:1903.01629 (2019).
@misc{ currdetector,
	author = "Bambade, Philip, et al",
	title = "The International Linear Collider: A Global Project.",
	journal = "arXiv:1903.01629",
	year = "2019"
}

%Bethke, Siegfried, et al. "Experimental investigation of the energy dependence of the strong coupling strength." Physics Letters B 213.2 (1988): 235-241.
@misc{ qcdycut,
       author = "Bethke, Siegfried, et al.",
       title = "Experimental investigation of the energy dependence of the strong coupling strength.",
       journal = "Physics Letters B 213.2",
       year =  "1988",
       pages = "235-241" 
}
%Cacciari, Matteo, Gavin P. Salam, and Gregory Soyez. "FastJet user manual." The European Physical Journal C 72.3 (2012): 1896.
@misc{ fastjet,
		author = "Cacciari, Matteo, Gavin P. Salam, and Gregory Soyez.",
		title = "FastJet user manual.",
		journal = "The European Physical Journal C 72.3",
		year = "2012"
	}
	
	%Catani, Stefano, et al. "Longitudinally-invariant k⊥-clustering algorithms for hadron-hadron collisions." Nuclear Physics B 406.1-2 (1993): 187-224.
@misc{ kt,
		author = "Catani, Stefano, et al.",
		title = "Longitudinally-invariant k⊥-clustering algorithms for hadron-hadron collisions.",
		journal = "Nuclear Physics B 406.1-2",
		year = "1993",
		pages = "187-224"
		}
		
%Dokshitzer, Yu L., et al. "Better jet clustering algorithms." Journal of High Energy Physics 1997.08 (1997): 001.
@misc { ycut,
		author = "Dokshitzer, Yu L., et al",
		title = "Better jet clustering algorithms.",
		journal ="Journal of High Energy Physics 1997.08",
		year = "1997"
		}
		
%pdg
@article{pdg,
  title = {Review of Particle Physics},
  collaboration = {Particle Data Group},
  journal = {Phys. Rev. D},
  volume = {98},
  issue = {3},
  pages = {030001},
  numpages = {1898},
  year = {2018},
  month = {Aug},
  publisher = {American Physical Society},
  doi = {10.1103/PhysRevD.98.030001},
  url = {https://link.aps.org/doi/10.1103/PhysRevD.98.030001}
}


@article{helicity,
  title={The role of polarized positrons and electrons in revealing fundamental interactions at the linear collider, Phys. Rept. 460, 131--243 (2008)},
  author={Moortgat-Pick, GA and Abe, T and Alexander, G and Ananthanarayan, B and Babich, A and others},
  journal={arXiv preprint hep-ph/0507011}
}

@book{thomson,
  title={Modern particle physics},
  author={Thomson, Mark},
  year={2013},
  publisher={Cambridge University Press}
}
@techreport{tdraccel,
  title={The International Linear Collider Technical Design Report-Volume 3. II: Accelerator Baseline Design},
  author={Adolphsen, Chris},
  year={2013},
  institution={Argonne National Lab.(ANL), Argonne, IL (United States); Thomas Jefferson~…}
}

@techreport{tdrdet,
  title={The international linear collider technical design report-volume 4: detectors},
  author={Behnke, Ties},
  year={2013},
  institution={Argonne National Lab.(ANL), Argonne, IL (United States); Pacific Northwest~…}
}

@article{pfa,
  title={The Pandora Particle Flow Algorithm},
  author={Marshall, JS and Thomson, MA},
  journal={arXiv preprint arXiv:1308.4537},
  year={2013}
}
@inproceedings{lcio,
      author         = "Aplin, Steve and Engels, Jan and Gaede, Frank and Graf,
                        Norman A. and Johnson, Tony and McCormick, Jeremy",
      title          = "{LCIO: A Persistency Framework and Event Data Model for
                        HEP}",
      booktitle      = "{Proceedings, 2012 IEEE Nuclear Science Symposium and
                        Medical Imaging Conference (NSS/MIC 2012): Anaheim,
                        California, USA, October 29-November 3, 2012}",
      year           = "2012",
      url            = "http://www-public.slac.stanford.edu/sciDoc/docMeta.aspx?slacPubNumber=SLAC-PUB-15296",
      pages          = "2075-2079",
      doi            = "10.1109/NSSMIC.2012.6551478",
      reportNumber   = "SLAC-PUB-15296",
      SLACcitation   = "%%CITATION = SLAC-PUB-15296;%%"
}
@article{dd4hep,
      author         = "Sailer, A. and Frank, M. and Gaede, F. and Hynds, D. and
                        Lu, S. and Nikiforou, N. and Petric, M. and Simoniello, R.
                        and Voutsinas, G.",
      title          = "{DD4Hep based event reconstruction}",
      booktitle      = "{Proceedings, 22nd International Conference on Computing
                        in High Energy and Nuclear Physics (CHEP2016): San
                        Francisco, CA, October 14-16, 2016}",
      collaboration  = "CLICdp, ILD",
      journal        = "J. Phys. Conf. Ser.",
      volume         = "898",
      year           = "2017",
      number         = "4",
      pages          = "042017",
      doi            = "10.1088/1742-6596/898/4/042017",
      reportNumber   = "CLICdp-Conf-2017-002",
      SLACcitation   = "%%CITATION = 00462,898,042017;%%"
}

@inproceedings{whizard,
      author         = "Kilian, W. and Bach, F. and Ohl, T. and Reuter, J.",
      title          = "{WHIZARD 2.2 for Linear Colliders}",
      booktitle      = "{International Workshop on Future Linear Colliders
                        (LCWS13) Tokyo, Japan, November 11-15, 2013}",
      year           = "2014",
      eprint         = "1403.7433",
      archivePrefix  = "arXiv",
      primaryClass   = "hep-ph",
      reportNumber   = "DESY-14-045, SI-HEP-2014-07",
      SLACcitation   = "%%CITATION = ARXIV:1403.7433;%%"
}
@article{ilcsoft,
      author         = "Poeschl, R.",
      title          = "{Software Tools for ILC Detector Studies}",
      booktitle      = "{Proceedings, International Linear Collider Workshop
                        (LCWS07 and ILC07): Hamburg , Germany, May 30-June 3,
                        2007, Vol.1-2}",
      journal        = "eConf",
      volume         = "C0705302",
      year           = "2007",
      pages          = "PLE104",
      note           = "[,61(2007)]",
      reportNumber   = "LCWS-2007-PLE104",
      SLACcitation   = "%%CITATION = ECONF,C0705302,PLE104;%%"
}